@article {Hidalgo10570,
	author = {Hidalgo, C{\'e}sar A. and Hausmann, Ricardo},
	title = {The building blocks of economic complexity},
	volume = {106},
	number = {26},
	pages = {10570--10575},
	year = {2009},
	doi = {10.1073/pnas.0900943106},
	publisher = {National Academy of Sciences},
	issn = {0027-8424},
	URL = {https://www.pnas.org/content/106/26/10570},
	eprint = {https://www.pnas.org/content/106/26/10570.full.pdf},
	journal = {Proceedings of the National Academy of Sciences}
}

@article{Li2017Simple,
	title = {Simple spatial scaling rules behind complex cities},
	author = {Li, Ruiqi and Dong, Lei and Zhang, Jiang and Wang, Xinran and Wang, Wen Xu and Di, Zengru and Stanley, H.
	Eugene},
	journal = {Nature Communications},
	volume = {8},
	number = {1},
	pages = {1841},
	year = {2017},
}
@article{nanda2017spatial,
  title={Spatial evolutionary games with weak selection},
  author={Nanda, Mridu and Durrett, Richard},
  journal={Proceedings of the National Academy of Sciences},
  volume={114},
  number={23},
  pages={6046--6051},
  year={2017},
  publisher={National Acad Sciences}
}